@article{lundberg2019explainable,
  title={Explainable AI for Trees: From Local Explanations to Global Understanding},
  author={Lundberg, Scott M and Erion, Gabriel and Chen, Hugh and DeGrave, Alex and Prutkin, Jordan M and Nair, Bala and Katz, Ronit and Himmelfarb, Jonathan and Bansal, Nisha and Lee, Su-In},
  journal={arXiv preprint arXiv:1905.04610},
  year={2019}
}
